@book{tpc,
   author = {A.W. Roscoe},
   year = 1997,
   title = {The Theory and Practice of Concurrency},
   publisher = {Pearson},
}

@article{cdf,
   author = {T.R.G. Green and M. Petre},
   year = 1996,
   title = {Usability Analysis of Visual Programming Environments: A 'Cognitive Dimensions' Framework},
   journal = "Journal of Visual Languages and Computing",
   volume = 7,
}

@Article{9126,
  author =       {IEC},
  title =        {Software Quality},
  journal =      {ISO/IEC 9126},
  year =         2000}

@Article{enpl,
  author =       {Steven Clarke},
  title =        {Evaluating a new programming language},
  journal =      {PPIG},
  year =         2001}

@booklet{gada:_desir_cognit_dimen,
  author =       {Gada Kadoda, Roger Stone and Dan Diaper},
  title =        {Desirable features of educational theorem provers - a Cognitive Dimensions viewpoint}}

@Article{green89:_cognit_dimen_notat,
  author =       {T. R.G. Green},
  title =        {Cognitive Dimensions of Notations},
  journal =      {People and Computers V},
  year =         1989}

